<record><leader>00000cas a2200000 a 4500</leader><controlfield tag="001">12150829</controlfield><controlfield tag="008">850613d19031928ksuwr ne      0    0eng d</controlfield><datafield ind1=" " ind2=" " tag="010"><subfield code="a">sn 85031458 </subfield></datafield><datafield ind1=" " ind2=" " tag="040"><subfield code="a">KSH</subfield><subfield code="b">eng</subfield><subfield code="c">KSH</subfield><subfield code="d">NPT</subfield><subfield code="d">OCL</subfield><subfield code="d">OCLCQ</subfield></datafield><datafield ind1=" " ind2=" " tag="042"><subfield code="a">msc</subfield></datafield><datafield ind1="0" ind2="0" tag="245"><subfield code="a">Chetopa clipper.</subfield></datafield><datafield ind1=" " ind2=" " tag="260"><subfield code="a">Chetopa, Kan. :</subfield><subfield code="b">M.A. Chesley,</subfield><subfield code="c">1903-1928.</subfield></datafield><datafield ind1=" " ind2=" " tag="300"><subfield code="a">26 v. :</subfield><subfield code="b">ill. ;</subfield><subfield code="c">49-60 cm.</subfield></datafield><datafield ind1=" " ind2=" " tag="310"><subfield code="a">Weekly</subfield></datafield><datafield ind1="0" ind2=" " tag="362"><subfield code="a">16th year (Jan. 1, 1903)-Nov. 28, 1928.</subfield></datafield><datafield ind1=" " ind2=" " tag="500"><subfield code="a">Published by R.J. Conderman, July 11, 1917-Nov. 28, 1928.</subfield></datafield><datafield ind1=" " ind2=" " tag="515"><subfield code="a">Numbering is irregular.</subfield></datafield><datafield ind1=" " ind2=" " tag="525"><subfield code="a">Includes supplements.</subfield></datafield><datafield ind1=" " ind2=" " tag="752"><subfield code="a">United States</subfield><subfield code="b">Kansas</subfield><subfield code="c">Labette</subfield><subfield code="d">Chetopa.</subfield></datafield><datafield ind1="0" ind2="0" tag="780"><subfield code="t">Chetopa democrat</subfield><subfield code="w">(DLC)sn 85031461</subfield></datafield><datafield ind1="0" ind2="7" tag="785"><subfield code="t">Chetopa advance (Chetopa, Kan. : 1878)</subfield><subfield code="w">(DLC)sn 85031457</subfield></datafield><datafield ind1="0" ind2="7" tag="785"><subfield code="t">Chetopa advance-clipper</subfield><subfield code="w">(DLC)sn 85031459</subfield></datafield></record>